% Encoding: UTF-8


@book{curtin19, author = {Richard T Curtin}, year = {2019}, title = {Consumer Expectations: Micro Foundations and Macro Impact}, publisher = {Cambridge University Press}}




@article{frankel19,
	title={Quantifying Information and Uncertainty},
	author={Frankel, Alexander and Kamenica, Emir},
	journal={American Economic Review},
	volume={109},
	number={10},
	pages={3650--80},
	year={2019}
}

@article{nimark19,
	title={News Media and Delegated Information Choice},
	author={Nimark, Kristoffer P and Pitschner, Stefan},
	journal={Journal of Economic Theory},
	volume={181},
	pages={160--196},
	year={2019},
	publisher={Elsevier}
}


@book{gali2015book,
  title={Monetary Policy, Inflation, and the Business Cycle: An Introduction to the New Keynesian Framework and its Applications},
  author={Gal{\'\i}, Jordi},
  year={2015},
  publisher={Princeton University Press}
}










@article{angeletos2018quantifying,
	title={Quantifying Confidence},
	author={Angeletos, George-Marios and Collard, Fabrice and Dellas, Harris},
	journal={Econometrica},
	volume={86},
	number={5},
	pages={1689--1726},
	year={2018},
	publisher={Wiley Online Library}
}






@article{benhabib2018sentiments,
	title={Sentiments and Economic Activity: Evidence from US states},
	author={Benhabib, Jess and Spiegel, Mark M},
	journal={The Economic Journal},
	volume={129},
	number={618},
	pages={715--733},
	year={2018},
	publisher={Oxford University Press}
}




@article{gillitzer2018effect,
	title={The Effect of Consumer Sentiment on Consumption: Cross-Sectional Evidence From Elections},
	author={Gillitzer, Christian and Prasad, Nalini},
	journal={American Economic Journal: Macroeconomics},
	volume={10},
	number={4},
	pages={234--69},
	year={2018}
}





@article{lagerborg2018sentimental,
	title={Sentimental Business Cycles},
	author={Lagerborg, Andresa and Pappa, Evi and Ravn, Morten},
	journal={Manuscript, European University Institute},
	year={2018}
}





@article{bhandari2019survey,
	title={Survey Data and Subjective Beliefs in Business Cycle Models},
	author={Bhandari, Anmol and Borovicka, Jaroslav and Ho, Paul},
	year={2019},
	journal={FRB Richmond Working Paper}
}






@article{armona2018home,
	title={Home Price Expectations and Behaviour: Evidence from a Randomized Information Experiment},
	author={Armona, Luis and Fuster, Andreas and Zafar, Basit},
	journal={The Review of Economic Studies},
	volume={86},
	number={4},
	pages={1371--1410},
	year={2018},
	publisher={Oxford University Press}
}


@article{armantier2015inflation,
	title={Inflation Expectations and Behavior: Do Survey Respondents Act On Their Beliefs?},
	author={Armantier, Olivier and Bruine de Bruin, W{\"a}ndi and Topa, Giorgio and Van Der Klaauw, Wilbert and Zafar, Basit},
	journal={International Economic Review},
	volume={56},
	number={2},
	pages={505--536},
	year={2015},
	publisher={Wiley Online Library}
}




@article{madeira2015heterogeneous,
	title={Heterogeneous Inflation Expectations and Learning},
	author={Madeira, Carlos and Zafar, Basit},
	journal={Journal of Money, Credit and Banking},
	volume={47},
	number={5},
	pages={867--896},
	year={2015},
	publisher={Wiley Online Library}
}





@article{eusepi2011expectations,
	title={Expectations, Learning, and Business Cycle Fluctuations},
	author={Eusepi, Stefano and Preston, Bruce},
	journal={American Economic Review},
	volume={101},
	number={6},
	pages={2844--72},
	year={2011}
}









@article{adam2017stock,
	title={Stock Price Booms and Expected Capital Gains},
	author={Adam, Klaus and Marcet, Albert and Beutel, Johannes},
	journal={American Economic Review},
	volume={107},
	number={8},
	pages={2352--2408},
	year={2017}
}




@article{benhabib2015sentiments,
	title={Sentiments and Aggregate Demand Fluctuations},
	author={Benhabib, Jess and Wang, Pengfei and Wen, Yi},
	journal={Econometrica},
	volume={83},
	number={2},
	pages={549--585},
	year={2015},
	publisher={Wiley Online Library}
}




@techreport{acharya2019anatomy,
	title={The Anatomy of Sentiment-Driven Fluctuations},
	author={Acharya, Sushant and Benhabib, Jess and Huo, Zhen},
	year={2019},
	institution={Working Paper}
}



@article{angeletos2013sentiments,
	title={Sentiments},
	author={Angeletos, George-Marios and La'O, Jennifer},
	journal={Econometrica},
	volume={81},
	number={2},
	pages={739--779},
	year={2013},
	publisher={Wiley Online Library}
}







@article{angeletos2010noisy,
	title={Noisy Business Cycles},
	author={Angeletos, George-Marios and La'O, Jennifer},
	journal={NBER Macroeconomics Annual},
	volume={24},
	number={1},
	pages={319--378},
	year={2010},
	publisher={The University of Chicago Press}
}










@article{katona1960powerful,
	title={The Powerful Consumer},
	author={Katona, George and others},
	journal= {Press},
	year={1960},
	publisher={New York: McGraw-Hill}
}



@article{mishkin1978consumer,
	title={Consumer Sentiment and Spending on Durable Goods},
	author={Mishkin, Frederic S and Hall, Robert and Shoven, John and Juster, Thomas and Lovell, Michael},
	journal={Brookings Papers on Economic Activity},
	volume={1978},
	number={1},
	pages={217--232},
	year={1978},
	publisher={JSTOR}
}



@article{benhabib1999indeterminacy,
	title={Indeterminacy and Sunspots in Macroeconomics},
	author={Benhabib, Jess and Farmer, Roger EA},
	journal={Handbook of macroeconomics},
	volume={1},
	pages={387--448},
	year={1999},
	publisher={Elsevier}
}


@article{farmer2016evolution,
	title={The Evolution of Endogenous Business Cycles},
	author={Farmer, Roger EA},
	journal={Macroeconomic Dynamics},
	volume={20},
	number={2},
	pages={544--557},
	year={2016},
	publisher={Cambridge University Press}
}








@article{angeletos2019confidence,
	title={Confidence and the Propagation of Demand Shocks},
	author={Angeletos, George-Marios and Lian, Chen},
	 journal = {MIT Deparment of Economics Working Paper}, year={2019},
}

@article{angeletos2019myopia,
	title={Myopia and Anchoring},
	author={Angeletos, George-Marios and Huo, Zhen},
	year={2019}, journal = {MIT Department of Economics Paper}
}

@article{lorenzoni2009theory,
	title={A Theory of Demand Shocks},
	author={Lorenzoni, Guido},
	journal={American Economic Review},
	volume={99},
	number={5},
	pages={2050--84},
	year={2009}
}











@book{phelps1970microeconomic,
	title={Microeconomic foundations of employment and inflation theory},
	author={Phelps, Edmund S and Alchian, Armen A and Holt, Charles C and others},
	year={1970},
	publisher={Norton New York}
}

@article{hayek1945use,
	title={The use of knowledge in society},
	author={Hayek, Friedrich August},
	journal={The American economic review},
	volume={35},
	number={4},
	pages={519--530},
	year={1945},
	publisher={JSTOR}
}







@article{lucas1972expectations,
	title={Expectations and the Neutrality of Money},
	author={Lucas Jr, Robert E},
	journal={Journal of economic theory},
	volume={4},
	number={2},
	pages={103--124},
	year={1972},
	publisher={Citeseer}
}


@article{gaballo2017price,
	title={Price Dispersion, Private Uncertainty, and Endogenous Nominal Rigidities},
	author={Gaballo, Gaetano},
	journal={The Review of Economic Studies},
	volume={85},
	number={2},
	pages={1070--1110},
	year={2017},
	publisher={Oxford University Press}
}



@article{chahrour2017information,
	title={Information-driven business cycles: A primal approach},
	author={Chahrour, Ryan and Ulbricht, Robert},
	journal={Available at SSRN 3135375},
	year={2017}
}




@inproceedings{chahrour2019sectoral,
	title={Sectoral Media Focus and Aggregate Fluctuations},
	author={Chahrour, Ryan and Nimark, Kristoffer and Pitschner, Stefan and others},
	year={2019}}








@article{larsen2019news,
	title={News-driven inflation expectations and information rigidities},
	author={Larsen, Vegard H and Thorsrud, Leif Anders and Zhulanova, Julia},
	year={2019},
	publisher={BI Norwegian Business School}
}



@article{lucas1980equilibrium,
	title={Equilibrium in a pure currency economy},
	author={Lucas, Robert E},
	journal={Economic inquiry},
	volume={18},
	number={2},
	pages={203--220},
	year={1980},
	publisher={Wiley Online Library}
}





@article{coibion2018firms,
	title={How do firms form their expectations? new survey evidence},
	author={Coibion, Olivier and Gorodnichenko, Yuriy and Kumar, Saten},
	journal={American Economic Review},
	volume={108},
	number={9},
	pages={2671--2713},
	year={2018}
}








@article{acemoglu2012network,
	title={The network origins of aggregate fluctuations},
	author={Acemoglu, Daron and Carvalho, Vasco M and Ozdaglar, Asuman and Tahbaz-Salehi, Alireza},
	journal={Econometrica},
	volume={80},
	number={5},
	pages={1977--2016},
	year={2012},
	publisher={Wiley Online Library}
}




@article{carvalho2014micro,
	title={From micro to macro via production networks},
	author={Carvalho, Vasco M},
	journal={Journal of Economic Perspectives},
	volume={28},
	number={4},
	pages={23--48},
	year={2014}
}



@article{baqaee2019macroeconomic,
	title={The macroeconomic impact of microeconomic shocks: beyond Hulten's Theorem},
	author={Baqaee, David Rezza and Farhi, Emmanuel},
	journal={Econometrica},
	volume={87},
	number={4},
	pages={1155--1203},
	year={2019},
	publisher={Wiley Online Library}
}




@book{pissarides2000equilibrium,
	title={Equilibrium unemployment theory},
	author={Pissarides, Christopher A},
	year={2000},
	publisher={MIT press}
}








@article{nimark2014man,
	title={Man-bites-dog business cycles},
	author={Nimark, Kristoffer P},
	journal={American Economic Review},
	volume={104},
	number={8},
	pages={2320--67},
	year={2014}
}



@book{nimark2016delegated,
	title={Delegated information choice},
	author={Nimark, Kristoffer P and Pitschner, Stefan and others},
	volume={11323},
	year={2016},
	publisher={Centre for Economic Policy Research}
}




@article{huo2015higher,
	title={Higher order beliefs, confidence, and business cycles},
	author={Huo, Zhen and Takayama, Naoki},
	journal={Report, Yale University.[1, 2]},
	year={2015}
}



@incollection{angeletos2016incomplete,
	title={Incomplete information in macroeconomics: Accommodating frictions in coordination},
	author={Angeletos, G-M and Lian, Chen},
	booktitle={Handbook of macroeconomics},
	volume={2},
	pages={1065--1240},
	year={2016},
	publisher={Elsevier}
}




@book{veldkamp2011information,
	title={Information choice in macroeconomics and finance},
	author={Veldkamp, Laura L},
	year={2011},
	publisher={Princeton University Press}
}




@article{rondina2014dispersed,
	title={Dispersed information and confounding dynamics},
	author={Rondina, Giacomo and Walker, Todd B},
	journal={Manuscript, Indiana University, October},
	year={2014}
}

@article{acharya2013dispersed,
	title={Dispersed beliefs and aggregate demand management},
	author={Acharya, Sushant},
	journal={University of Maryland mimeo},
	year={2013}
}


@article{melosi2014estimating,
	title={Estimating models with dispersed information},
	author={Melosi, Leonardo},
	journal={American Economic Journal: Macroeconomics},
	volume={6},
	number={1},
	pages={1--31},
	year={2014}
}


@misc{woodford2003knowledge,
	title={Knowledge, Information and Expectations in Modern Macroeconomics: Essays in Honor of Edmund Phelps, chapter Imperfect common knowledge and the effects of monetary policy},
	author={Woodford, Michael},
	year={2003},
	publisher={P. Aghion, R. Frydman, J. Stiglitz \& M. Woodford, Princeton: Princeton~…}
}





@article{jorda2005estimation,
  title={Estimation and inference of impulse responses by local projections},
  author={Jord{\`a}, {\`O}scar},
  journal={American economic review},
  volume={95},
  number={1},
  pages={161--182},
  year={2005}
}

@article{adammer2019,
  title={An R Package to Estimate Impulse Response Functions by Local Projections},
  author={Adammer, Philip},
  journal={The R Journal},
  volume={11},
  number={2},
  pages={421--438},
  year={2019}
}



@article{moscarini1998social,
  title={Social learning in a changing world},
  author={Moscarini, Giuseppe and Ottaviani, Marco and Smith, Lones},
  journal={Economic Theory},
  volume={11},
  number={3},
  pages={657--665},
  year={1998},
  publisher={Springer}
}


@book{chamley2004rational,
  title={Rational herds: Economic models of social learning},
  author={Chamley, Christophe P},
  year={2004},
  publisher={Cambridge University Press}
}



@article{banerjee1992herds,
  title={A simple model of herd behavior},
  author={Banerjee, Abhijit V},
  journal={The Quarterly Journal of Economics},
  volume={107},
  number={3},
  pages={797--817},
  year={1992},
  publisher={MIT Press}
}




@misc{columbialoglinearnotes,
  author = {Mertens, Karel},
  title = {ECON G6215 Macroeconomic Analysis I (Fall 2016, Columbia University), G6215.001 - Recitation 9: Log-linearization},
  howpublished = {\url{http://www.columbia.edu/~nc2371/teaching/R9.pdf}}, year = {2015},
  note = {Accessed: 2020-04-30}
}


@article{adam2019stock,
  title={Stock price cycles and business cycles},
  author={Adam, Klaus and Merkel, Sebastian},
  year={2019},
  journal={ECB Working Paper}
}


@article{bhwherds1992,
  title={A theory of fads, fashion, custom, and cultural change as informational cascades},
  author={Bikhchandani, Sushil and Hirshleifer, David and Welch, Ivo},
  journal={Journal of political Economy},
  volume={100},
  number={5},
  pages={992--1026},
  year={1992},
  publisher={The University of Chicago Press}
}


@article{woodfordboldrin1990,
  title={Equilibrium models displaying endogenous fluctuations and chaos: a survey},
  author={Boldrin, Michele and Woodford, Michael},
  journal={Journal of Monetary Economics},
  volume={25},
  number={2},
  pages={189--222},
  year={1990},
  publisher={Elsevier}
}








@article{beaudry2020cycle,
  title={Putting the cycle back into business cycle analysis},
  author={Beaudry, Paul and Galizia, Dana and Portier, Franck},
  journal={American Economic Review},
  volume={110},
  number={1},
  pages={1--47},
  year={2020}
}


@techreport{galizia2018saddle,
  title={Saddle Cycles: Solving Rational Expectations Models Featuring Limit Cycles (or Chaos) Using Perturbation Methods},
  author={Galizia, Dana},
  year={2018}
}



@article{loisel2009monetary,
  title={Monetary policy and herd behavior in new-tech investment},
  author={Loisel, Olivier and Pommeret, Aude and Portier, Franck},
  journal={Banque de France/UniversitZ de Lausanne/Toulouse School of Economics mimeo},
  year={2009}
}


@article{barsky2012information,
  title={Information, animal spirits, and the meaning of innovations in consumer confidence},
  author={Barsky, Robert B and Sims, Eric R},
  journal={American Economic Review},
  volume={102},
  number={4},
  pages={1343--77},
  year={2012}
}


@article{blanchard2013news,
  title={News, noise, and fluctuations: An empirical exploration},
  author={Blanchard, Olivier J and L'Huillier, Jean-Paul and Lorenzoni, Guido},
  journal={American Economic Review},
  volume={103},
  number={7},
  pages={3045--70},
  year={2013}
}


@article{forni2017noisy,
  title={Noisy news in business cycles},
  author={Forni, Mario and Gambetti, Luca and Lippi, Marco and Sala, Luca},
  journal={American Economic Journal: Macroeconomics},
  volume={9},
  number={4},
  pages={122--52},
  year={2017}
}

@techreport{schaal2020herding,
  title={Herding cycles},
  author={Schaal, Edouard and Taschereau-Dumouchel, Mathieu},
  year={2020}
}


@article{veldkamp2019tail,
  title={The tail that wags the economy: Beliefs and persistent stagnation},
  author={Kozlowski, J and Veldkamp, L and Venkateswaran, V},
  journal={Working Paper, Federal Reserve Bank of St Louis},
  volume={},
  number={},
  pages={},
  year={2019}
}


@book{gennaioli2020crisis,
  title={A Crisis of Beliefs},
  author={Gennaioli, Nicola and Shleifer, Andrei},
  year={2020},
  publisher={Princeton University Press}
}



@article{ilut2014ambiguous,
  title={Ambiguous business cycles},
  author={Ilut, Cosmin L and Schneider, Martin},
  journal={American Economic Review},
  volume={104},
  number={8},
  pages={2368--99},
  year={2014}
}


@article{baqaee2019asymmetric,
  title={Asymmetric inflation expectations, downward rigidity of wages, and asymmetric business cycles},
  author={Baqaee, David Rezza},
  journal={Journal of Monetary Economics},
  year={2019},
  publisher={Elsevier}
}




@article{beaudry2014news,
  title={News-driven business cycles: Insights and challenges},
  author={Beaudry, Paul and Portier, Franck},
  journal={Journal of Economic Literature},
  volume={52},
  number={4},
  pages={993--1074},
  year={2014}
}





@article{beaudry2004exploration,
  title={An exploration into Pigou's theory of cycles},
  author={Beaudry, Paul and Portier, Franck},
  journal={Journal of monetary Economics},
  volume={51},
  number={6},
  pages={1183--1216},
  year={2004},
  publisher={Elsevier}
}


@book{pigou1927industrial,
  title={Industrial fluctuations},
  author={Pigou, Arthur Cecil},
  year={1927},
  publisher={Routledge}
}


@article{fajgelbaum2017uncertainty,
  title={Uncertainty traps},
  author={Fajgelbaum, Pablo D and Schaal, Edouard and Taschereau-Dumouchel, Mathieu},
  journal={The Quarterly Journal of Economics},
  volume={132},
  number={4},
  pages={1641--1692},
  year={2017},
  publisher={Oxford University Press}
}


@article{ahmed2016asymmetric,
  title={Does consumer confidence affect durable goods spending during bad and good economic times equally?},
  author={Ahmed, M Iqbal and Cassou, Steven P},
  journal={Journal of Macroeconomics},
  volume={50},
  pages={86--97},
  year={2016},
  publisher={Elsevier}
}



@book{sargent2016robustness,
  title={Robustness},
  author={Sargent, Thomas J and Hansen, Lars Peter},
  year={2016},
  publisher={Princeton University Press}
}


@incollection{gilboa2004maxmin,
  title={Maxmin expected utility with non-unique prior},
  author={Gilboa, Itzhak and Schmeidler, David},
  booktitle={Uncertainty in economic theory},
  pages={141--151},
  year={2004},
  publisher={Routledge}
}


@article{minsky1977financial,
  title={The financial instability hypothesis: An interpretation of Keynes and an alternative to standard theory},
  author={Minsky, Hyman P},
  journal={Challenge},
  volume={20},
  number={1},
  pages={20--27},
  year={1977},
  publisher={Taylor \& Francis}
}


@article{bordalo2018diagnostic,
  title={Diagnostic expectations and credit cycles},
  author={Bordalo, Pedro and Gennaioli, Nicola and Shleifer, Andrei},
  journal={The Journal of Finance},
  volume={73},
  number={1},
  pages={199--227},
  year={2018},
  publisher={Wiley Online Library}
}


@article{mian2017household,
  title={Household debt and business cycles worldwide},
  author={Mian, Atif and Sufi, Amir and Verner, Emil},
  journal={The Quarterly Journal of Economics},
  volume={132},
  number={4},
  pages={1755--1817},
  year={2017},
  publisher={Oxford University Press}
}



@misc{numericaljuliabook,
  title={First Semester in Numerical Analysis with Julia},
  author={{\"O}kten, Giray},
  doi = {10.33009/jul}, url = {http://purl.flvc.org/fsu/fd/FSU_libsubv1_scholarship_submission_1556028278_15938059},
  year={2019}
}



@article{sims2002solving,
  title={Solving linear rational expectations models},
  author={Sims, Christopher A},
  journal={Computational economics},
  volume={20},
  number={1-2},
  pages={1},
  year={2002},
  publisher={Springer Science \& Business Media}
}






@article{calvo1983staggered,
  title={Staggered prices in a utility-maximizing framework},
  author={Calvo, Guillermo A},
  journal={Journal of monetary Economics},
  volume={12},
  number={3},
  pages={383--398},
  year={1983},
  publisher={North-Holland}
}







@article{newey1987,
  title={Hypothesis testing with efficient method of moments estimation},
  author={Newey, Whitney K and West, Kenneth D},
  journal={International Economic Review},
  pages={777--787},
  year={1987},
  publisher={JSTOR}
}


@incollection{auerbach2012fiscal,
  title={Fiscal multipliers in recession and expansion},
  author={Auerbach, Alan J and Gorodnichenko, Yuriy},
  booktitle={Fiscal policy after the financial crisis},
  pages={63--98},
  year={2012},
  publisher={University of Chicago Press}
}



@article{auerbach2013output,
  title={Output spillovers from fiscal policy},
  author={Auerbach, Alan J and Gorodnichenko, Yuriy},
  journal={American Economic Review},
  volume={103},
  number={3},
  pages={141--46},
  year={2013}
}


@article{jorda2015betting,
  title={Betting the house},
  author={Jord{\`a}, {\`O}scar and Schularick, Moritz and Taylor, Alan M},
  journal={Journal of International Economics},
  volume={96},
  pages={S2--S18},
  year={2015},
  publisher={Elsevier}
}


@article{jorda2019effects,
  title={The effects of quasi-random monetary experiments},
  author={Jord{\`a}, {\`O}scar and Schularick, Moritz and Taylor, Alan M},
  journal={Journal of Monetary Economics},
  year={2019},
  publisher={Elsevier}
}






@article{mian2018partisan,
  title={Partisan bias, economic expectations, and household spending},
  author={Mian, Atif R and Sufi, Amir and Khoshkhou, Nasim},
  journal={Fama-Miller Working Paper},
  year={2018}
}


@article{gerber2009partisanship,
  title={Partisanship and economic behavior: Do partisan differences in economic forecasts predict real economic behavior?},
  author={Gerber, Alan S and Huber, Gregory A},
  journal={American Political Science Review},
  volume={103},
  number={3},
  pages={407--426},
  year={2009},
  publisher={Cambridge University Press}
}









@article{chetty2011micro,
  title={Are micro and macro labor supply elasticities consistent? A review of evidence on the intensive and extensive margins},
  author={Chetty, Raj and Guren, Adam and Manoli, Day and Weber, Andrea},
  journal={American Economic Review},
  volume={101},
  number={3},
  pages={471--75},
  year={2011}
}







@techreport{hamilton20053states,
  title={What's real about the business cycle?},
  author={Hamilton, James D},
  year={2005},
  institution={National Bureau of Economic Research}
}




@article{erceg2006optimal,
  title={Optimal monetary policy with durable consumption goods},
  author={Erceg, Christopher and Levin, Andrew},
  journal={Journal of monetary Economics},
  volume={53},
  number={7},
  pages={1341--1359},
  year={2006},
  publisher={Elsevier}
}






@article{zeira1994informationalcycles,
  title={Informational cycles},
  author={Zeira, Joseph},
  journal={The Review of Economic Studies},
  volume={61},
  number={1},
  pages={31--44},
  year={1994},
  publisher={Wiley-Blackwell}
}


@article{gale1996delay,
  title={Delay and cycles},
  author={Gale, Douglas},
  journal={The Review of Economic Studies},
  volume={63},
  number={2},
  pages={169--198},
  year={1996},
  publisher={Wiley-Blackwell}
}



@article{caplin1994business,
  title={Business as usual, market crashes, and wisdom after the fact},
  author={Caplin, Andrew and Leahy, John},
  journal={The American economic review},
  pages={548--565},
  year={1994},
  publisher={JSTOR}
}










@article{veldkamp2005slow,
  title={Slow boom, sudden crash},
  author={Veldkamp, Laura L},
  journal={Journal of Economic theory},
  volume={124},
  number={2},
  pages={230--257},
  year={2005},
  publisher={Elsevier}
}



@article{schularick2012credit,
  title={Credit booms gone bust: Monetary policy, leverage cycles, and financial crises, 1870-2008},
  author={Schularick, Moritz and Taylor, Alan M},
  journal={American Economic Review},
  volume={102},
  number={2},
  pages={1029--61},
  year={2012}
}


@book{probabilitytheorybook,
  title={Introduction to probability},
  author={Grinstead, Charles Miller and Snell, James Laurie},
  year={2012},
  publisher={American Mathematical Soc.}
}






@misc{lresolvegithub,
  author = {Rion, Normann},
  title = {Solving Systems of Linear Rational Expectations Equations in Julia},
  year = {2019},
  publisher = {GitHub},
  journal = {GitHub repository},
  howpublished = {\url{https://github.com/NormannR?tab=overview&from=2020-05-01&to=2020-05-20}}
}






@book{mathematicalstatsrice,
  title={Mathematical statistics and data analysis},
  author={Rice, John A},
  year={2006},
  publisher={Cengage Learning}
}








@article{durablerelativeprice2018,
  title={Monetary policy and the relative price of durable goods},
  author={Cantelmo, Alessandro and Melina, Giovanni},
  journal={Journal of Economic Dynamics and Control},
  volume={86},
  pages={1--48},
  year={2018},
  publisher={Elsevier}
}



@article{clarida1999science,
  title={The science of monetary policy: a new Keynesian perspective},
  author={Clarida, Richard and Gali, Jordi and Gertler, Mark},
  journal={Journal of economic literature},
  volume={37},
  number={4},
  pages={1661--1707},
  year={1999}
}


@techreport{subjectiveuncertainty,
  title={Quantifying subjective uncertainty in survey expectations},
  author={Kr{\"u}ger, Fabian and Pavlova, Lora},
  year={2019},
  institution={Discussion Paper Series}
}





@article{engelberg2009comparing,
  title={Comparing the point predictions and subjective probability distributions of professional forecasters},
  author={Engelberg, Joseph and Manski, Charles F and Williams, Jared},
  journal={Journal of Business \& Economic Statistics},
  volume={27},
  number={1},
  pages={30--41},
  year={2009},
  publisher={Taylor \& Francis}
}




@article{crump2019subjective,
  title={Subjective intertemporal substitution},
  author={Crump, Richard K and Eusepi, Stefano and Tambalotti, Andrea and Topa, Giorgio},
  journal={FRB of New York Staff Report},
  number={734},
  year={2019}
}




@article{monacelli2009new,
  title={New Keynesian models, durable goods, and collateral constraints},
  author={Monacelli, Tommaso},
  journal={Journal of Monetary Economics},
  volume={56},
  number={2},
  pages={242--254},
  year={2009},
  publisher={Elsevier}
}


@techreport{rousakis2012expectations,
  title={Expectations and fluctuations: The role of monetary policy},
  author={Rousakis, Michael},
  year={2012}
}


@article{dehaan1990solving,
  title={Solving the stochastic growth model by parameterizing expectations},
  author={Den Haan, Wouter J and Marcet, Albert},
  journal={Journal of Business \& Economic Statistics},
  volume={8},
  number={1},
  pages={31--34},
  year={1990},
  publisher={Taylor \& Francis}
}


@article{christiano2000algorithms,
  title={Algorithms for solving dynamic models with occasionally binding constraints},
  author={Christiano, Lawrence J and Fisher, Jonas DM},
  journal={Journal of Economic Dynamics and Control},
  volume={24},
  number={8},
  pages={1179--1232},
  year={2000},
  publisher={Elsevier}
}




@article{tversky1979,
  title={Prospect theory: An analysis of decision under risk},
  author={Tversky, Amos and Kahneman, Daniel},
  journal={Econometrica},
  volume={47},
  number={2},
  pages={263--291},
  year={1979}
}



@incollection{lorenzoni1999parametrized,
  title={The Parametrized Expectations Approach: Some Practical Issues},
  author={Lorenzoni, Guido and Marcet, Albert},
  booktitle={Computational Methods for the Study of Dynamic Economies},
  year={1999},
  publisher={Oxford University Press}
}
  




@article{adam2011internal,
  title={Internal rationality, imperfect market knowledge and asset prices},
  author={Adam, Klaus and Marcet, Albert},
  journal={Journal of Economic Theory},
  volume={146},
  number={3},
  pages={1224--1252},
  year={2011},
  publisher={Elsevier}
}





@misc{michigansurvey,
  author = {  University of Michigan},
  title = {Surveys of Consumers},
  year = {2020},
  publisher = {},
  journal = {},
  howpublished = {\url{http://www.sca.isr.umich.edu/}}
}





@article{debortoli2017monetary,
  title={Monetary policy with heterogeneous agents: Insights from TANK models},
  author={Debortoli, Davide and Gal{\'\i}, Jordi and others},
  journal={Manuscript, September},
  year={2017}
}

@article{kindleberger1978manias,
	title={Manias, panics, and rationality},
	author={Kindleberger, Charles P},
	journal={Eastern Economic Journal},
	volume={4},
	number={2},
	pages={103--112},
	year={1978},
	publisher={JSTOR}
}

@book{reinhart2009time,
	title={This Time is Different},
	author={Reinhart, Carmen M and Rogoff, Kenneth S},
	year={2009},
	publisher={Princeton University Press}
}

@article{rajan2006has,
	title={Has finance made the world riskier?},
	author={Rajan, Raghuram G},
	journal={European Financial Management},
	volume={12},
	number={4},
	pages={499--533},
	year={2006},
	publisher={Wiley Online Library}
}

@article{taleb2007black,
	title={Black swans and the domains of statistics},
	author={Taleb, Nassim Nicholas},
	journal={The American Statistician},
	volume={61},
	number={3},
	pages={198--200},
	year={2007},
	publisher={Taylor \& Francis}
}

@article{bullard2002learning,
	title={Learning about Monetary Policy Rules},
	author={Bullard, James and Mitra, Kaushik},
	journal={Journal of monetary economics},
	volume={49},
	number={6},
	pages={1105--1129},
	year={2002},
	publisher={Elsevier}
}




@book{abel2017macroeconomics,
	title={Macroeconomics},
	author={Abel, Andrew B and Blanchard, Olivier J and Bernanke, Ben and Croushore, Dean},
	year={2017},
	publisher={Pearson UK}
}





@Comment{jabref-meta: databaseType:bibtex;}
